<record><leader>00000cas a2200000 a 4500</leader><controlfield tag="001">11774000</controlfield><controlfield tag="008">850307d18961899ksuwr ne      0    0eng d</controlfield><datafield ind1=" " ind2=" " tag="010"><subfield code="a">sn 85029170 </subfield></datafield><datafield ind1=" " ind2=" " tag="040"><subfield code="a">KSH</subfield><subfield code="b">eng</subfield><subfield code="c">KSH</subfield><subfield code="d">NPT</subfield><subfield code="d">NPX</subfield><subfield code="d">OCL</subfield><subfield code="d">OCLCQ</subfield></datafield><datafield ind1=" " ind2=" " tag="042"><subfield code="a">msc</subfield></datafield><datafield ind1="0" ind2="0" tag="245"><subfield code="a">Jewell County monitor and review.</subfield></datafield><datafield ind1=" " ind2=" " tag="260"><subfield code="a">Mankato, Kan. :</subfield><subfield code="b">R.F. Vaughan,</subfield><subfield code="c">1896-1899.</subfield></datafield><datafield ind1=" " ind2=" " tag="300"><subfield code="a">3 v. :</subfield><subfield code="b">ill. ;</subfield><subfield code="c">65 cm.</subfield></datafield><datafield ind1=" " ind2=" " tag="310"><subfield code="a">Weekly</subfield></datafield><datafield ind1="0" ind2=" " tag="362"><subfield code="a">Vol. 22, no. 29 (May 6, 1896)-v. 24, no. 11 (Jan. 4, 1899).</subfield></datafield><datafield ind1=" " ind2=" " tag="525"><subfield code="a">Includes supplements.</subfield></datafield><datafield ind1=" " ind2=" " tag="752"><subfield code="a">United States</subfield><subfield code="b">Kansas</subfield><subfield code="c">Jewell</subfield><subfield code="d">Mankato.</subfield></datafield><datafield ind1="0" ind2="4" tag="780"><subfield code="t">Jewell County review (Mankato, Kan. : 1885)</subfield><subfield code="w">(DLC)sn 85029906</subfield></datafield><datafield ind1="0" ind2="4" tag="780"><subfield code="t">Jewell County monitor (Mankato, Kan. : 1879)</subfield><subfield code="w">(DLC)sn 85029165</subfield></datafield><datafield ind1="0" ind2="0" tag="785"><subfield code="t">Jewell County monitor (Mankato, Kan. : 1899)</subfield><subfield code="w">(DLC)sn 85029921</subfield></datafield></record>